<marc:record xmlns:marc="http://www.loc.gov/MARC21/slim"><marc:leader>00572nam a22001450a 45 0</marc:leader><marc:controlfield tag="001">307059</marc:controlfield><marc:controlfield tag="003">NL-AMISG</marc:controlfield><marc:controlfield tag="005">19950210234845.0</marc:controlfield><marc:controlfield tag="008">199502suuuuuuuu||||||||||||||||||||||| d</marc:controlfield><marc:datafield ind1=" " ind2=" " tag="035"><marc:subfield code="a">(IISG)IISGb10058675</marc:subfield></marc:datafield><marc:datafield ind1=" " ind2=" " tag="040"><marc:subfield code="a">NL-AmISG</marc:subfield></marc:datafield><marc:datafield ind1="1" ind2=" " tag="100"><marc:subfield code="a">Bergh, Zadok van den.</marc:subfield></marc:datafield><marc:datafield ind1="1" ind2="0" tag="245"><marc:subfield code="a">Populaire bewerking der arbeidswet en der besluiten tot uitvoering der wet.</marc:subfield></marc:datafield><marc:datafield ind1=" " ind2=" " tag="260"><marc:subfield code="a">Delft :</marc:subfield><marc:subfield code="b">van Marken,</marc:subfield><marc:subfield code="c">1894.</marc:subfield></marc:datafield><marc:datafield ind1=" " ind2=" " tag="300"><marc:subfield code="a">40 p.</marc:subfield></marc:datafield><marc:datafield ind1=" " ind2=" " tag="690"><marc:subfield code="a">Bro N 1044</marc:subfield><marc:subfield code="b">Netherlands; social policy, social law, social security; labour law, worker protection; general</marc:subfield><marc:subfield code="c">Nederland; sociale maatregelen, sociaal recht en sociale politiek; arbeidsbeschermende wetgeving; algemeen.</marc:subfield></marc:datafield><marc:datafield ind1=" " ind2=" " tag="852"><marc:subfield code="a">IISG</marc:subfield><marc:subfield code="b">IISG</marc:subfield><marc:subfield code="c">IISG</marc:subfield><marc:subfield code="j">Bro N 1044/4</marc:subfield><marc:subfield code="p">N10058046</marc:subfield></marc:datafield><marc:datafield ind1=" " ind2=" " tag="901"><marc:subfield code="a">307059</marc:subfield><marc:subfield code="b">Unknown</marc:subfield><marc:subfield code="c">307059</marc:subfield><marc:subfield code="t">biblio</marc:subfield></marc:datafield><marc:datafield ind1=" " ind2=" " tag="902"><marc:subfield code="a">10622/0143341F-E787-4581-B04B-522F517182A3</marc:subfield></marc:datafield></marc:record>